[gd_scene load_steps=8 format=3 uid="uid://c5yb5hf8rmjxh"]

[ext_resource type="Script" path="res://Scenes/Main.gd" id="1_apbab"]
[ext_resource type="Texture2D" uid="uid://cxrr1dcd8433v" path="res://Graphic/Textures/backgroundblur.png" id="2_lgv0d"]

[sub_resource type="Animation" id="Animation_slmte"]
length = 0.001
tracks/0/type = "value"
tracks/0/imported = false
tracks/0/enabled = true
tracks/0/path = NodePath("Menu:anchor_left")
tracks/0/interp = 1
tracks/0/loop_wrap = true
tracks/0/keys = {
"times": PackedFloat32Array(0),
"transitions": PackedFloat32Array(1),
"update": 0,
"values": [0.08]
}
tracks/1/type = "value"
tracks/1/imported = false
tracks/1/enabled = true
tracks/1/path = NodePath("Menu:anchor_right")
tracks/1/interp = 1
tracks/1/loop_wrap = true
tracks/1/keys = {
"times": PackedFloat32Array(0),
"transitions": PackedFloat32Array(1),
"update": 0,
"values": [0.1]
}
tracks/2/type = "value"
tracks/2/imported = false
tracks/2/enabled = true
tracks/2/path = NodePath("Option:anchor_top")
tracks/2/interp = 1
tracks/2/loop_wrap = true
tracks/2/keys = {
"times": PackedFloat32Array(0),
"transitions": PackedFloat32Array(1),
"update": 0,
"values": [0.95]
}
tracks/3/type = "value"
tracks/3/imported = false
tracks/3/enabled = true
tracks/3/path = NodePath("Option:anchor_bottom")
tracks/3/interp = 1
tracks/3/loop_wrap = true
tracks/3/keys = {
"times": PackedFloat32Array(0),
"transitions": PackedFloat32Array(1),
"update": 0,
"values": [0.95]
}

[sub_resource type="AnimationLibrary" id="AnimationLibrary_utlqk"]
_data = {
"RESET": SubResource("Animation_slmte")
}

[sub_resource type="Animation" id="Animation_0cx86"]
resource_name = "slide_in"
tracks/0/type = "value"
tracks/0/imported = false
tracks/0/enabled = true
tracks/0/path = NodePath("Menu:anchor_left")
tracks/0/interp = 1
tracks/0/loop_wrap = true
tracks/0/keys = {
"times": PackedFloat32Array(0, 1),
"transitions": PackedFloat32Array(1, 1),
"update": 0,
"values": [-0.2, 0.08]
}
tracks/1/type = "value"
tracks/1/imported = false
tracks/1/enabled = true
tracks/1/path = NodePath("Menu:anchor_right")
tracks/1/interp = 1
tracks/1/loop_wrap = true
tracks/1/keys = {
"times": PackedFloat32Array(0, 1),
"transitions": PackedFloat32Array(1, 1),
"update": 0,
"values": [-0.02, 0.1]
}
tracks/2/type = "value"
tracks/2/imported = false
tracks/2/enabled = true
tracks/2/path = NodePath("Option:anchor_top")
tracks/2/interp = 1
tracks/2/loop_wrap = true
tracks/2/keys = {
"times": PackedFloat32Array(0, 1),
"transitions": PackedFloat32Array(1, 1),
"update": 0,
"values": [1.1, 0.95]
}
tracks/3/type = "value"
tracks/3/imported = false
tracks/3/enabled = true
tracks/3/path = NodePath("Option:anchor_bottom")
tracks/3/interp = 1
tracks/3/loop_wrap = true
tracks/3/keys = {
"times": PackedFloat32Array(0, 1),
"transitions": PackedFloat32Array(1, 1),
"update": 0,
"values": [1.1, 0.95]
}

[sub_resource type="Animation" id="Animation_76hce"]
resource_name = "slide_out"
tracks/0/type = "value"
tracks/0/imported = false
tracks/0/enabled = true
tracks/0/path = NodePath("Menu:anchor_left")
tracks/0/interp = 1
tracks/0/loop_wrap = true
tracks/0/keys = {
"times": PackedFloat32Array(0, 1),
"transitions": PackedFloat32Array(1, 1),
"update": 0,
"values": [0.08, -0.2]
}
tracks/1/type = "value"
tracks/1/imported = false
tracks/1/enabled = true
tracks/1/path = NodePath("Menu:anchor_right")
tracks/1/interp = 1
tracks/1/loop_wrap = true
tracks/1/keys = {
"times": PackedFloat32Array(0, 1),
"transitions": PackedFloat32Array(1, 1),
"update": 0,
"values": [0.1, -0.02]
}
tracks/2/type = "value"
tracks/2/imported = false
tracks/2/enabled = true
tracks/2/path = NodePath("Option:anchor_top")
tracks/2/interp = 1
tracks/2/loop_wrap = true
tracks/2/keys = {
"times": PackedFloat32Array(0, 1),
"transitions": PackedFloat32Array(1, 1),
"update": 0,
"values": [0.95, 1.1]
}
tracks/3/type = "value"
tracks/3/imported = false
tracks/3/enabled = true
tracks/3/path = NodePath("Option:anchor_bottom")
tracks/3/interp = 1
tracks/3/loop_wrap = true
tracks/3/keys = {
"times": PackedFloat32Array(0, 1),
"transitions": PackedFloat32Array(1, 1),
"update": 0,
"values": [0.95, 1.1]
}

[sub_resource type="AnimationLibrary" id="AnimationLibrary_t57qq"]
_data = {
"slide_in": SubResource("Animation_0cx86"),
"slide_out": SubResource("Animation_76hce")
}

[node name="Main" type="Control" node_paths=PackedStringArray("anim", "bg")]
layout_mode = 3
anchors_preset = 15
anchor_right = 1.0
anchor_bottom = 1.0
grow_horizontal = 2
grow_vertical = 2
script = ExtResource("1_apbab")
anim = NodePath("AnimationPlayer")
bg = NodePath("BG")

[node name="BG" type="Sprite2D" parent="."]
modulate = Color(1, 0.905882, 0.921569, 0.443137)
texture = ExtResource("2_lgv0d")
centered = false

[node name="Option" type="Button" parent="."]
clip_contents = true
custom_minimum_size = Vector2(100, 100)
layout_mode = 1
anchors_preset = -1
anchor_left = 0.95
anchor_top = 0.95
anchor_right = 0.95
anchor_bottom = 0.95
offset_left = -8.0
offset_top = -8.0
grow_horizontal = 0
grow_vertical = 0
text = "Options"

[node name="Menu" type="VBoxContainer" parent="."]
custom_minimum_size = Vector2(300, 0)
layout_mode = 1
anchors_preset = -1
anchor_left = 0.08
anchor_top = 0.1
anchor_right = 0.1
anchor_bottom = 0.9
grow_vertical = 2
alignment = 1

[node name="Novel" type="Button" parent="Menu"]
layout_mode = 2
text = "Novel-like"

[node name="Chat" type="Button" parent="Menu"]
layout_mode = 2
text = "Chat-bot-like"

[node name="VirtualEnviorement" type="Button" parent="Menu"]
layout_mode = 2
disabled = true
text = "VirtualEnviorement-like"

[node name="CBox" type="Button" parent="Menu"]
layout_mode = 2
text = "Open CharacterBox"

[node name="AnimationPlayer" type="AnimationPlayer" parent="."]
libraries = {
"": SubResource("AnimationLibrary_utlqk"),
"MenuAnimations": SubResource("AnimationLibrary_t57qq")
}

[connection signal="pressed" from="Option" to="." method="_press_options"]
[connection signal="pressed" from="Menu/Novel" to="." method="_noveleditor"]
[connection signal="pressed" from="Menu/Chat" to="." method="_chateditor"]
[connection signal="pressed" from="Menu/CBox" to="." method="_charbox"]
